<record><leader>00000cas a22000007a 4500</leader><controlfield tag="001">22283059</controlfield><controlfield tag="008">900827d19151924mnuwn ne      0    0eng d</controlfield><datafield ind1=" " ind2=" " tag="010"><subfield code="a">sn 90060209 </subfield></datafield><datafield ind1=" " ind2=" " tag="040"><subfield code="a">MN#</subfield><subfield code="b">eng</subfield><subfield code="c">MN#</subfield><subfield code="d">OCLCQ</subfield></datafield><datafield ind1=" " ind2=" " tag="042"><subfield code="a">msc</subfield></datafield><datafield ind1=" " ind2=" " tag="043"><subfield code="a">n-us-mn</subfield></datafield><datafield ind1=" " ind2=" " tag="052"><subfield code="a">4144</subfield><subfield code="b">M5</subfield></datafield><datafield ind1="0" ind2=" " tag="130"><subfield code="a">Orient (Minneapolis, Minn.)</subfield></datafield><datafield ind1="1" ind2="4" tag="245"><subfield code="a">The Orient.</subfield></datafield><datafield ind1=" " ind2=" " tag="260"><subfield code="a">Minneapolis, Minn. :</subfield><subfield code="b">East High School,</subfield><subfield code="c">1915-1924.</subfield></datafield><datafield ind1=" " ind2=" " tag="300"><subfield code="a">11 v.</subfield></datafield><datafield ind1=" " ind2=" " tag="310"><subfield code="a">Weekly (during school year)</subfield></datafield><datafield ind1="0" ind2=" " tag="362"><subfield code="a">Vol. 1, no. 1 (Dec. 9, 1915)-v. 11, no. 16 (June 5, 1924).</subfield></datafield><datafield ind1=" " ind2=" " tag="752"><subfield code="a">United States</subfield><subfield code="b">Minnesota</subfield><subfield code="c">Hennepin</subfield><subfield code="d">Minneapolis.</subfield></datafield><datafield ind1="0" ind2="0" tag="780"><subfield code="t">Spectator</subfield></datafield><datafield ind1="1" ind2=" " tag="029"><subfield code="a">AU@</subfield><subfield code="b">000025904584</subfield></datafield></record>